%YAML 1.1
%TAG !u! tag:unity3d.com,2011:
--- !u!1 &247546238382546690
GameObject:
  m_ObjectHideFlags: 0
  m_CorrespondingSourceObject: {fileID: 0}
  m_PrefabInstance: {fileID: 0}
  m_PrefabAsset: {fileID: 0}
  serializedVersion: 6
  m_Component:
  - component: {fileID: 247546238382546691}
  - component: {fileID: 247546238382546693}
  - component: {fileID: 247546238382546692}
  m_Layer: 0
  m_Name: Box018
  m_TagString: Untagged
  m_Icon: {fileID: 0}
  m_NavMeshLayer: 0
  m_StaticEditorFlags: 0
  m_IsActive: 1
--- !u!4 &247546238382546691
Transform:
  m_ObjectHideFlags: 0
  m_CorrespondingSourceObject: {fileID: 0}
  m_PrefabInstance: {fileID: 0}
  m_PrefabAsset: {fileID: 0}
  m_GameObject: {fileID: 247546238382546690}
  m_LocalRotation: {x: 0, y: 0, z: 0.7071068, w: 0.7071067}
  m_LocalPosition: {x: -0.15686554, y: 0.055, z: -0.17494103}
  m_LocalScale: {x: 1, y: 1, z: 1}
  m_Children: []
  m_Father: {fileID: 247546239373306969}
  m_RootOrder: 2
  m_LocalEulerAnglesHint: {x: 0, y: 0, z: 0}
--- !u!33 &247546238382546693
MeshFilter:
  m_ObjectHideFlags: 0
  m_CorrespondingSourceObject: {fileID: 0}
  m_PrefabInstance: {fileID: 0}
  m_PrefabAsset: {fileID: 0}
  m_GameObject: {fileID: 247546238382546690}
  m_Mesh: {fileID: 4300146, guid: 0810cc7cf1836844ea3d818f65c00a70, type: 3}
--- !u!23 &247546238382546692
MeshRenderer:
  m_ObjectHideFlags: 0
  m_CorrespondingSourceObject: {fileID: 0}
  m_PrefabInstance: {fileID: 0}
  m_PrefabAsset: {fileID: 0}
  m_GameObject: {fileID: 247546238382546690}
  m_Enabled: 1
  m_CastShadows: 1
  m_ReceiveShadows: 1
  m_DynamicOccludee: 1
  m_MotionVectors: 1
  m_LightProbeUsage: 1
  m_ReflectionProbeUsage: 1
  m_RenderingLayerMask: 1
  m_RendererPriority: 0
  m_Materials:
  - {fileID: 2100000, guid: 55fb5ac81f385eb488bbf59be0edda00, type: 2}
  m_StaticBatchInfo:
    firstSubMesh: 0
    subMeshCount: 0
  m_StaticBatchRoot: {fileID: 0}
  m_ProbeAnchor: {fileID: 0}
  m_LightProbeVolumeOverride: {fileID: 0}
  m_ScaleInLightmap: 1
  m_PreserveUVs: 0
  m_IgnoreNormalsForChartDetection: 0
  m_ImportantGI: 0
  m_StitchLightmapSeams: 0
  m_SelectedEditorRenderState: 3
  m_MinimumChartSize: 4
  m_AutoUVMaxDistance: 0.5
  m_AutoUVMaxAngle: 89
  m_LightmapParameters: {fileID: 0}
  m_SortingLayerID: 0
  m_SortingLayer: 0
  m_SortingOrder: 0
--- !u!1 &247546238390942879
GameObject:
  m_ObjectHideFlags: 0
  m_CorrespondingSourceObject: {fileID: 0}
  m_PrefabInstance: {fileID: 0}
  m_PrefabAsset: {fileID: 0}
  serializedVersion: 6
  m_Component:
  - component: {fileID: 247546238390942880}
  - component: {fileID: 247546238390942882}
  - component: {fileID: 247546238390942881}
  m_Layer: 0
  m_Name: A004
  m_TagString: Untagged
  m_Icon: {fileID: 0}
  m_NavMeshLayer: 0
  m_StaticEditorFlags: 0
  m_IsActive: 1
--- !u!4 &247546238390942880
Transform:
  m_ObjectHideFlags: 0
  m_CorrespondingSourceObject: {fileID: 0}
  m_PrefabInstance: {fileID: 0}
  m_PrefabAsset: {fileID: 0}
  m_GameObject: {fileID: 247546238390942879}
  m_LocalRotation: {x: 0, y: 0, z: 0.7071068, w: 0.7071067}
  m_LocalPosition: {x: 0.03338745, y: 0.014669799, z: -0.17064422}
  m_LocalScale: {x: 1, y: 1, z: 1.148837}
  m_Children: []
  m_Father: {fileID: 247546239373306969}
  m_RootOrder: 0
  m_LocalEulerAnglesHint: {x: 0, y: 0, z: 0}
--- !u!33 &247546238390942882
MeshFilter:
  m_ObjectHideFlags: 0
  m_CorrespondingSourceObject: {fileID: 0}
  m_PrefabInstance: {fileID: 0}
  m_PrefabAsset: {fileID: 0}
  m_GameObject: {fileID: 247546238390942879}
  m_Mesh: {fileID: 4300152, guid: 0810cc7cf1836844ea3d818f65c00a70, type: 3}
--- !u!23 &247546238390942881
MeshRenderer:
  m_ObjectHideFlags: 0
  m_CorrespondingSourceObject: {fileID: 0}
  m_PrefabInstance: {fileID: 0}
  m_PrefabAsset: {fileID: 0}
  m_GameObject: {fileID: 247546238390942879}
  m_Enabled: 1
  m_CastShadows: 1
  m_ReceiveShadows: 1
  m_DynamicOccludee: 1
  m_MotionVectors: 1
  m_LightProbeUsage: 1
  m_ReflectionProbeUsage: 1
  m_RenderingLayerMask: 1
  m_RendererPriority: 0
  m_Materials:
  - {fileID: 2100000, guid: 55fb5ac81f385eb488bbf59be0edda00, type: 2}
  m_StaticBatchInfo:
    firstSubMesh: 0
    subMeshCount: 0
  m_StaticBatchRoot: {fileID: 0}
  m_ProbeAnchor: {fileID: 0}
  m_LightProbeVolumeOverride: {fileID: 0}
  m_ScaleInLightmap: 1
  m_PreserveUVs: 0
  m_IgnoreNormalsForChartDetection: 0
  m_ImportantGI: 0
  m_StitchLightmapSeams: 0
  m_SelectedEditorRenderState: 3
  m_MinimumChartSize: 4
  m_AutoUVMaxDistance: 0.5
  m_AutoUVMaxAngle: 89
  m_LightmapParameters: {fileID: 0}
  m_SortingLayerID: 0
  m_SortingLayer: 0
  m_SortingOrder: 0
--- !u!1 &247546238455972978
GameObject:
  m_ObjectHideFlags: 0
  m_CorrespondingSourceObject: {fileID: 0}
  m_PrefabInstance: {fileID: 0}
  m_PrefabAsset: {fileID: 0}
  serializedVersion: 6
  m_Component:
  - component: {fileID: 247546238455972979}
  - component: {fileID: 247546238455972981}
  - component: {fileID: 247546238455972980}
  m_Layer: 0
  m_Name: Object004
  m_TagString: Untagged
  m_Icon: {fileID: 0}
  m_NavMeshLayer: 0
  m_StaticEditorFlags: 0
  m_IsActive: 1
--- !u!4 &247546238455972979
Transform:
  m_ObjectHideFlags: 0
  m_CorrespondingSourceObject: {fileID: 0}
  m_PrefabInstance: {fileID: 0}
  m_PrefabAsset: {fileID: 0}
  m_GameObject: {fileID: 247546238455972978}
  m_LocalRotation: {x: 0, y: 0, z: 0.7071068, w: 0.7071067}
  m_LocalPosition: {x: -0.15686554, y: 0.055, z: -0.18170501}
  m_LocalScale: {x: 1, y: 1, z: 1}
  m_Children: []
  m_Father: {fileID: 247546239373306969}
  m_RootOrder: 4
  m_LocalEulerAnglesHint: {x: 0, y: 0, z: 0}
--- !u!33 &247546238455972981
MeshFilter:
  m_ObjectHideFlags: 0
  m_CorrespondingSourceObject: {fileID: 0}
  m_PrefabInstance: {fileID: 0}
  m_PrefabAsset: {fileID: 0}
  m_GameObject: {fileID: 247546238455972978}
  m_Mesh: {fileID: 4300144, guid: 0810cc7cf1836844ea3d818f65c00a70, type: 3}
--- !u!23 &247546238455972980
MeshRenderer:
  m_ObjectHideFlags: 0
  m_CorrespondingSourceObject: {fileID: 0}
  m_PrefabInstance: {fileID: 0}
  m_PrefabAsset: {fileID: 0}
  m_GameObject: {fileID: 247546238455972978}
  m_Enabled: 1
  m_CastShadows: 1
  m_ReceiveShadows: 1
  m_DynamicOccludee: 1
  m_MotionVectors: 1
  m_LightProbeUsage: 1
  m_ReflectionProbeUsage: 1
  m_RenderingLayerMask: 1
  m_RendererPriority: 0
  m_Materials:
  - {fileID: 2100000, guid: 55fb5ac81f385eb488bbf59be0edda00, type: 2}
  m_StaticBatchInfo:
    firstSubMesh: 0
    subMeshCount: 0
  m_StaticBatchRoot: {fileID: 0}
  m_ProbeAnchor: {fileID: 0}
  m_LightProbeVolumeOverride: {fileID: 0}
  m_ScaleInLightmap: 1
  m_PreserveUVs: 0
  m_IgnoreNormalsForChartDetection: 0
  m_ImportantGI: 0
  m_StitchLightmapSeams: 0
  m_SelectedEditorRenderState: 3
  m_MinimumChartSize: 4
  m_AutoUVMaxDistance: 0.5
  m_AutoUVMaxAngle: 89
  m_LightmapParameters: {fileID: 0}
  m_SortingLayerID: 0
  m_SortingLayer: 0
  m_SortingOrder: 0
--- !u!1 &247546238733256337
GameObject:
  m_ObjectHideFlags: 0
  m_CorrespondingSourceObject: {fileID: 0}
  m_PrefabInstance: {fileID: 0}
  m_PrefabAsset: {fileID: 0}
  serializedVersion: 6
  m_Component:
  - component: {fileID: 247546238733256338}
  - component: {fileID: 247546238733256340}
  - component: {fileID: 247546238733256339}
  m_Layer: 0
  m_Name: FTE616_001
  m_TagString: Untagged
  m_Icon: {fileID: 0}
  m_NavMeshLayer: 0
  m_StaticEditorFlags: 0
  m_IsActive: 1
--- !u!4 &247546238733256338
Transform:
  m_ObjectHideFlags: 0
  m_CorrespondingSourceObject: {fileID: 0}
  m_PrefabInstance: {fileID: 0}
  m_PrefabAsset: {fileID: 0}
  m_GameObject: {fileID: 247546238733256337}
  m_LocalRotation: {x: 0, y: -0, z: -0, w: 1}
  m_LocalPosition: {x: -0.0031451415, y: 0.014630127, z: -0.24147286}
  m_LocalScale: {x: 1, y: 1, z: 1}
  m_Children: []
  m_Father: {fileID: 247546239727793899}
  m_RootOrder: 0
  m_LocalEulerAnglesHint: {x: 0, y: 0, z: 0}
--- !u!33 &247546238733256340
MeshFilter:
  m_ObjectHideFlags: 0
  m_CorrespondingSourceObject: {fileID: 0}
  m_PrefabInstance: {fileID: 0}
  m_PrefabAsset: {fileID: 0}
  m_GameObject: {fileID: 247546238733256337}
  m_Mesh: {fileID: 4300078, guid: 0810cc7cf1836844ea3d818f65c00a70, type: 3}
--- !u!23 &247546238733256339
MeshRenderer:
  m_ObjectHideFlags: 0
  m_CorrespondingSourceObject: {fileID: 0}
  m_PrefabInstance: {fileID: 0}
  m_PrefabAsset: {fileID: 0}
  m_GameObject: {fileID: 247546238733256337}
  m_Enabled: 1
  m_CastShadows: 1
  m_ReceiveShadows: 1
  m_DynamicOccludee: 1
  m_MotionVectors: 1
  m_LightProbeUsage: 1
  m_ReflectionProbeUsage: 1
  m_RenderingLayerMask: 1
  m_RendererPriority: 0
  m_Materials:
  - {fileID: 2100000, guid: b9f618a97054205448529c4247d30609, type: 2}
  m_StaticBatchInfo:
    firstSubMesh: 0
    subMeshCount: 0
  m_StaticBatchRoot: {fileID: 0}
  m_ProbeAnchor: {fileID: 0}
  m_LightProbeVolumeOverride: {fileID: 0}
  m_ScaleInLightmap: 1
  m_PreserveUVs: 0
  m_IgnoreNormalsForChartDetection: 0
  m_ImportantGI: 0
  m_StitchLightmapSeams: 0
  m_SelectedEditorRenderState: 3
  m_MinimumChartSize: 4
  m_AutoUVMaxDistance: 0.5
  m_AutoUVMaxAngle: 89
  m_LightmapParameters: {fileID: 0}
  m_SortingLayerID: 0
  m_SortingLayer: 0
  m_SortingOrder: 0
--- !u!1 &247546239100828777
GameObject:
  m_ObjectHideFlags: 0
  m_CorrespondingSourceObject: {fileID: 0}
  m_PrefabInstance: {fileID: 0}
  m_PrefabAsset: {fileID: 0}
  serializedVersion: 6
  m_Component:
  - component: {fileID: 247546239100461129}
  - component: {fileID: 247546239101788271}
  - component: {fileID: 247546239102755503}
  - component: {fileID: 2229669122236253654}
  - component: {fileID: 2782856717424247899}
  - component: {fileID: 2560087101292728884}
  - component: {fileID: 5321817862969566042}
  - component: {fileID: 7508308376615628016}
  m_Layer: 0
  m_Name: maniglie
  m_TagString: Untagged
  m_Icon: {fileID: 0}
  m_NavMeshLayer: 0
  m_StaticEditorFlags: 0
  m_IsActive: 1
--- !u!4 &247546239100461129
Transform:
  m_ObjectHideFlags: 0
  m_CorrespondingSourceObject: {fileID: 0}
  m_PrefabInstance: {fileID: 0}
  m_PrefabAsset: {fileID: 0}
  m_GameObject: {fileID: 247546239100828777}
  m_LocalRotation: {x: -0.7071068, y: 0, z: -0, w: 0.7071068}
  m_LocalPosition: {x: 1.1947721, y: 0.01850006, z: 0.1981041}
  m_LocalScale: {x: 1, y: 1, z: 1}
  m_Children: []
  m_Father: {fileID: 247546239100461133}
  m_RootOrder: 9
  m_LocalEulerAnglesHint: {x: 0, y: 0, z: 0}
--- !u!33 &247546239101788271
MeshFilter:
  m_ObjectHideFlags: 0
  m_CorrespondingSourceObject: {fileID: 0}
  m_PrefabInstance: {fileID: 0}
  m_PrefabAsset: {fileID: 0}
  m_GameObject: {fileID: 247546239100828777}
  m_Mesh: {fileID: 4300008, guid: 9853ee154096d6343ab6876839421f0d, type: 3}
--- !u!23 &247546239102755503
MeshRenderer:
  m_ObjectHideFlags: 0
  m_CorrespondingSourceObject: {fileID: 0}
  m_PrefabInstance: {fileID: 0}
  m_PrefabAsset: {fileID: 0}
  m_GameObject: {fileID: 247546239100828777}
  m_Enabled: 1
  m_CastShadows: 1
  m_ReceiveShadows: 1
  m_DynamicOccludee: 1
  m_MotionVectors: 1
  m_LightProbeUsage: 1
  m_ReflectionProbeUsage: 1
  m_RenderingLayerMask: 1
  m_RendererPriority: 0
  m_Materials:
  - {fileID: 2100000, guid: 923a36ae4b4395849a35dbdcaa121df1, type: 2}
  m_StaticBatchInfo:
    firstSubMesh: 0
    subMeshCount: 0
  m_StaticBatchRoot: {fileID: 0}
  m_ProbeAnchor: {fileID: 0}
  m_LightProbeVolumeOverride: {fileID: 0}
  m_ScaleInLightmap: 1
  m_PreserveUVs: 0
  m_IgnoreNormalsForChartDetection: 0
  m_ImportantGI: 0
  m_StitchLightmapSeams: 0
  m_SelectedEditorRenderState: 3
  m_MinimumChartSize: 4
  m_AutoUVMaxDistance: 0.5
  m_AutoUVMaxAngle: 89
  m_LightmapParameters: {fileID: 0}
  m_SortingLayerID: 0
  m_SortingLayer: 0
  m_SortingOrder: 0
--- !u!114 &2229669122236253654
MonoBehaviour:
  m_ObjectHideFlags: 0
  m_CorrespondingSourceObject: {fileID: 0}
  m_PrefabInstance: {fileID: 0}
  m_PrefabAsset: {fileID: 0}
  m_GameObject: {fileID: 247546239100828777}
  m_Enabled: 0
  m_EditorHideFlags: 0
  m_Script: {fileID: 11500000, guid: fbf3575480402db40813e763382412fb, type: 3}
  m_Name: 
  m_EditorClassIdentifier: 
  color: 0
  eraseRenderer: 0
  originalLayer: 0
  originalMaterials: []
--- !u!65 &2782856717424247899
BoxCollider:
  m_ObjectHideFlags: 0
  m_CorrespondingSourceObject: {fileID: 0}
  m_PrefabInstance: {fileID: 0}
  m_PrefabAsset: {fileID: 0}
  m_GameObject: {fileID: 247546239100828777}
  m_Material: {fileID: 0}
  m_IsTrigger: 0
  m_Enabled: 1
  serializedVersion: 2
  m_Size: {x: 0.018937588, y: 0.022713063, z: 2.5910003}
  m_Center: {x: -0.008169889, y: 0.007380044, z: 1.2955}
--- !u!114 &2560087101292728884
MonoBehaviour:
  m_ObjectHideFlags: 0
  m_CorrespondingSourceObject: {fileID: 0}
  m_PrefabInstance: {fileID: 0}
  m_PrefabAsset: {fileID: 0}
  m_GameObject: {fileID: 247546239100828777}
  m_Enabled: 1
  m_EditorHideFlags: 0
  m_Script: {fileID: 11500000, guid: 5ce00d94864342e49a7b079732521984, type: 3}
  m_Name: 
  m_EditorClassIdentifier: 
  listFam:
  - nome: Laccati
    compatibile: 1
    sottoFamiglie: []
  - nome: Nobilitati
    compatibile: 0
    sottoFamiglie: []
  - nome: Vetri
    compatibile: 0
    sottoFamiglie: []
  - nome: Essenze
    compatibile: 0
    sottoFamiglie: []
--- !u!65 &5321817862969566042
BoxCollider:
  m_ObjectHideFlags: 0
  m_CorrespondingSourceObject: {fileID: 0}
  m_PrefabInstance: {fileID: 0}
  m_PrefabAsset: {fileID: 0}
  m_GameObject: {fileID: 247546239100828777}
  m_Material: {fileID: 0}
  m_IsTrigger: 0
  m_Enabled: 1
  serializedVersion: 2
  m_Size: {x: 0.027042389, y: 0.067043886, z: 2.5910003}
  m_Center: {x: -1.1808615, y: -0.014785372, z: 1.2955}
--- !u!65 &7508308376615628016
BoxCollider:
  m_ObjectHideFlags: 0
  m_CorrespondingSourceObject: {fileID: 0}
  m_PrefabInstance: {fileID: 0}
  m_PrefabAsset: {fileID: 0}
  m_GameObject: {fileID: 247546239100828777}
  m_Material: {fileID: 0}
  m_IsTrigger: 0
  m_Enabled: 1
  serializedVersion: 2
  m_Size: {x: 0.025866032, y: 0.067043886, z: 2.5910003}
  m_Center: {x: -2.357508, y: -0.014785372, z: 1.2955}
--- !u!1 &247546239100828781
GameObject:
  m_ObjectHideFlags: 0
  m_CorrespondingSourceObject: {fileID: 0}
  m_PrefabInstance: {fileID: 0}
  m_PrefabAsset: {fileID: 0}
  serializedVersion: 6
  m_Component:
  - component: {fileID: 247546239100461133}
  m_Layer: 0
  m_Name: Compo 02
  m_TagString: Untagged
  m_Icon: {fileID: 0}
  m_NavMeshLayer: 0
  m_StaticEditorFlags: 0
  m_IsActive: 1
--- !u!4 &247546239100461133
Transform:
  m_ObjectHideFlags: 0
  m_CorrespondingSourceObject: {fileID: 0}
  m_PrefabInstance: {fileID: 0}
  m_PrefabAsset: {fileID: 0}
  m_GameObject: {fileID: 247546239100828781}
  m_LocalRotation: {x: 0, y: 0, z: 0, w: 1}
  m_LocalPosition: {x: -6.84, y: 0, z: -4.113}
  m_LocalScale: {x: 1, y: 1, z: 1}
  m_Children:
  - {fileID: 247546239100461149}
  - {fileID: 247546239100461151}
  - {fileID: 247546239100461145}
  - {fileID: 247546239100461147}
  - {fileID: 247546239100461141}
  - {fileID: 247546239100461143}
  - {fileID: 247546239100461137}
  - {fileID: 247546239100461139}
  - {fileID: 247546239100461135}
  - {fileID: 247546239100461129}
  - {fileID: 247546239727793899}
  - {fileID: 247546239263501078}
  - {fileID: 247546239136212089}
  - {fileID: 469440327}
  - {fileID: 188116250}
  - {fileID: 745814722}
  - {fileID: 264454134}
  m_Father: {fileID: 0}
  m_RootOrder: 0
  m_LocalEulerAnglesHint: {x: 0, y: 0, z: 0}
--- !u!1 &247546239100828783
GameObject:
  m_ObjectHideFlags: 0
  m_CorrespondingSourceObject: {fileID: 0}
  m_PrefabInstance: {fileID: 0}
  m_PrefabAsset: {fileID: 0}
  serializedVersion: 6
  m_Component:
  - component: {fileID: 247546239100461135}
  - component: {fileID: 247546239101788269}
  - component: {fileID: 247546239102755501}
  m_Layer: 0
  m_Name: fianchi
  m_TagString: Untagged
  m_Icon: {fileID: 0}
  m_NavMeshLayer: 0
  m_StaticEditorFlags: 0
  m_IsActive: 1
--- !u!4 &247546239100461135
Transform:
  m_ObjectHideFlags: 0
  m_CorrespondingSourceObject: {fileID: 0}
  m_PrefabInstance: {fileID: 0}
  m_PrefabAsset: {fileID: 0}
  m_GameObject: {fileID: 247546239100828783}
  m_LocalRotation: {x: -0.7071068, y: 0, z: -0, w: 0.7071068}
  m_LocalPosition: {x: -1.4463545, y: 2.61, z: -0.10163246}
  m_LocalScale: {x: 1, y: 1, z: 1}
  m_Children: []
  m_Father: {fileID: 247546239100461133}
  m_RootOrder: 8
  m_LocalEulerAnglesHint: {x: 0, y: 0, z: 0}
--- !u!33 &247546239101788269
MeshFilter:
  m_ObjectHideFlags: 0
  m_CorrespondingSourceObject: {fileID: 0}
  m_PrefabInstance: {fileID: 0}
  m_PrefabAsset: {fileID: 0}
  m_GameObject: {fileID: 247546239100828783}
  m_Mesh: {fileID: 4300010, guid: 9853ee154096d6343ab6876839421f0d, type: 3}
--- !u!23 &247546239102755501
MeshRenderer:
  m_ObjectHideFlags: 0
  m_CorrespondingSourceObject: {fileID: 0}
  m_PrefabInstance: {fileID: 0}
  m_PrefabAsset: {fileID: 0}
  m_GameObject: {fileID: 247546239100828783}
  m_Enabled: 1
  m_CastShadows: 1
  m_ReceiveShadows: 1
  m_DynamicOccludee: 1
  m_MotionVectors: 1
  m_LightProbeUsage: 1
  m_ReflectionProbeUsage: 1
  m_RenderingLayerMask: 1
  m_RendererPriority: 0
  m_Materials:
  - {fileID: 2100002, guid: 9853ee154096d6343ab6876839421f0d, type: 3}
  m_StaticBatchInfo:
    firstSubMesh: 0
    subMeshCount: 0
  m_StaticBatchRoot: {fileID: 0}
  m_ProbeAnchor: {fileID: 0}
  m_LightProbeVolumeOverride: {fileID: 0}
  m_ScaleInLightmap: 1
  m_PreserveUVs: 0
  m_IgnoreNormalsForChartDetection: 0
  m_ImportantGI: 0
  m_StitchLightmapSeams: 0
  m_SelectedEditorRenderState: 3
  m_MinimumChartSize: 4
  m_AutoUVMaxDistance: 0.5
  m_AutoUVMaxAngle: 89
  m_LightmapParameters: {fileID: 0}
  m_SortingLayerID: 0
  m_SortingLayer: 0
  m_SortingOrder: 0
--- !u!1 &247546239100828785
GameObject:
  m_ObjectHideFlags: 0
  m_CorrespondingSourceObject: {fileID: 0}
  m_PrefabInstance: {fileID: 0}
  m_PrefabAsset: {fileID: 0}
  serializedVersion: 6
  m_Component:
  - component: {fileID: 247546239100461137}
  - component: {fileID: 247546239101788273}
  - component: {fileID: 247546239102755505}
  - component: {fileID: 7516699915963122629}
  - component: {fileID: 2699207759141223556}
  - component: {fileID: 567262511156529130}
  m_Layer: 0
  m_Name: Box2131637315
  m_TagString: Untagged
  m_Icon: {fileID: 0}
  m_NavMeshLayer: 0
  m_StaticEditorFlags: 0
  m_IsActive: 1
--- !u!4 &247546239100461137
Transform:
  m_ObjectHideFlags: 0
  m_CorrespondingSourceObject: {fileID: 0}
  m_PrefabInstance: {fileID: 0}
  m_PrefabAsset: {fileID: 0}
  m_GameObject: {fileID: 247546239100828785}
  m_LocalRotation: {x: -0.7071068, y: 0, z: -0, w: 0.7071068}
  m_LocalPosition: {x: -0.862353, y: 2.6095002, z: 0.19236755}
  m_LocalScale: {x: 1, y: 1, z: 1}
  m_Children: []
  m_Father: {fileID: 247546239100461133}
  m_RootOrder: 6
  m_LocalEulerAnglesHint: {x: 0, y: 0, z: 0}
--- !u!33 &247546239101788273
MeshFilter:
  m_ObjectHideFlags: 0
  m_CorrespondingSourceObject: {fileID: 0}
  m_PrefabInstance: {fileID: 0}
  m_PrefabAsset: {fileID: 0}
  m_GameObject: {fileID: 247546239100828785}
  m_Mesh: {fileID: 4300018, guid: 9853ee154096d6343ab6876839421f0d, type: 3}
--- !u!23 &247546239102755505
MeshRenderer:
  m_ObjectHideFlags: 0
  m_CorrespondingSourceObject: {fileID: 0}
  m_PrefabInstance: {fileID: 0}
  m_PrefabAsset: {fileID: 0}
  m_GameObject: {fileID: 247546239100828785}
  m_Enabled: 1
  m_CastShadows: 1
  m_ReceiveShadows: 1
  m_DynamicOccludee: 1
  m_MotionVectors: 1
  m_LightProbeUsage: 1
  m_ReflectionProbeUsage: 1
  m_RenderingLayerMask: 1
  m_RendererPriority: 0
  m_Materials:
  - {fileID: 2100000, guid: b93099d441568cd4495865b2d9b85e4f, type: 2}
  m_StaticBatchInfo:
    firstSubMesh: 0
    subMeshCount: 0
  m_StaticBatchRoot: {fileID: 0}
  m_ProbeAnchor: {fileID: 0}
  m_LightProbeVolumeOverride: {fileID: 0}
  m_ScaleInLightmap: 1
  m_PreserveUVs: 0
  m_IgnoreNormalsForChartDetection: 0
  m_ImportantGI: 0
  m_StitchLightmapSeams: 0
  m_SelectedEditorRenderState: 3
  m_MinimumChartSize: 4
  m_AutoUVMaxDistance: 0.5
  m_AutoUVMaxAngle: 89
  m_LightmapParameters: {fileID: 0}
  m_SortingLayerID: 0
  m_SortingLayer: 0
  m_SortingOrder: 0
--- !u!114 &7516699915963122629
MonoBehaviour:
  m_ObjectHideFlags: 0
  m_CorrespondingSourceObject: {fileID: 0}
  m_PrefabInstance: {fileID: 0}
  m_PrefabAsset: {fileID: 0}
  m_GameObject: {fileID: 247546239100828785}
  m_Enabled: 0
  m_EditorHideFlags: 0
  m_Script: {fileID: 11500000, guid: fbf3575480402db40813e763382412fb, type: 3}
  m_Name: 
  m_EditorClassIdentifier: 
  color: 0
  eraseRenderer: 0
  originalLayer: 0
  originalMaterials: []
--- !u!65 &2699207759141223556
BoxCollider:
  m_ObjectHideFlags: 0
  m_CorrespondingSourceObject: {fileID: 0}
  m_PrefabInstance: {fileID: 0}
  m_PrefabAsset: {fileID: 0}
  m_GameObject: {fileID: 247546239100828785}
  m_Material: {fileID: 0}
  m_IsTrigger: 0
  m_Enabled: 1
  serializedVersion: 2
  m_Size: {x: 0.5849988, y: 0.020000005, z: 2.5910008}
  m_Center: {x: 0, y: 0, z: -1.2955004}
--- !u!114 &567262511156529130
MonoBehaviour:
  m_ObjectHideFlags: 0
  m_CorrespondingSourceObject: {fileID: 0}
  m_PrefabInstance: {fileID: 0}
  m_PrefabAsset: {fileID: 0}
  m_GameObject: {fileID: 247546239100828785}
  m_Enabled: 1
  m_EditorHideFlags: 0
  m_Script: {fileID: 11500000, guid: 5ce00d94864342e49a7b079732521984, type: 3}
  m_Name: 
  m_EditorClassIdentifier: 
  listFam:
  - nome: Laccati
    compatibile: 1
    sottoFamiglie:
    - nome: Lucidi
      compatibile: 0
    - nome: Opachi
      compatibile: 0
  - nome: Nobilitati
    compatibile: 1
    sottoFamiglie:
    - nome: Stampe Grafiche
      compatibile: 0
    - nome: Stampe Materiche
      compatibile: 0
    - nome: Stampe tessuto
      compatibile: 0
    - nome: Standard
      compatibile: 0
  - nome: Vetri
    compatibile: 1
    sottoFamiglie:
    - nome: Laccati
      compatibile: 0
    - nome: Specchi
      compatibile: 0
    - nome: Stampe Grafiche
      compatibile: 0
    - nome: Stampe Materiche
      compatibile: 0
    - nome: Stampe Tessuto
      compatibile: 0
  - nome: Essenze
    compatibile: 1
    sottoFamiglie:
    - nome: Lucide
      compatibile: 0
    - nome: Opache
      compatibile: 0
--- !u!1 &247546239100828787
GameObject:
  m_ObjectHideFlags: 0
  m_CorrespondingSourceObject: {fileID: 0}
  m_PrefabInstance: {fileID: 0}
  m_PrefabAsset: {fileID: 0}
  serializedVersion: 6
  m_Component:
  - component: {fileID: 247546239100461139}
  - component: {fileID: 247546239101788275}
  - component: {fileID: 247546239102755507}
  m_Layer: 0
  m_Name: cassa
  m_TagString: Untagged
  m_Icon: {fileID: 0}
  m_NavMeshLayer: 0
  m_StaticEditorFlags: 0
  m_IsActive: 1
--- !u!4 &247546239100461139
Transform:
  m_ObjectHideFlags: 0
  m_CorrespondingSourceObject: {fileID: 0}
  m_PrefabInstance: {fileID: 0}
  m_PrefabAsset: {fileID: 0}
  m_GameObject: {fileID: 247546239100828787}
  m_LocalRotation: {x: -0.7071068, y: 0, z: -0, w: 0.7071068}
  m_LocalPosition: {x: 1.049572, y: 2.61, z: -0.101632535}
  m_LocalScale: {x: 1, y: 1, z: 1}
  m_Children: []
  m_Father: {fileID: 247546239100461133}
  m_RootOrder: 7
  m_LocalEulerAnglesHint: {x: 0, y: 0, z: 0}
--- !u!33 &247546239101788275
MeshFilter:
  m_ObjectHideFlags: 0
  m_CorrespondingSourceObject: {fileID: 0}
  m_PrefabInstance: {fileID: 0}
  m_PrefabAsset: {fileID: 0}
  m_GameObject: {fileID: 247546239100828787}
  m_Mesh: {fileID: 4300002, guid: 9853ee154096d6343ab6876839421f0d, type: 3}
--- !u!23 &247546239102755507
MeshRenderer:
  m_ObjectHideFlags: 0
  m_CorrespondingSourceObject: {fileID: 0}
  m_PrefabInstance: {fileID: 0}
  m_PrefabAsset: {fileID: 0}
  m_GameObject: {fileID: 247546239100828787}
  m_Enabled: 1
  m_CastShadows: 1
  m_ReceiveShadows: 1
  m_DynamicOccludee: 1
  m_MotionVectors: 1
  m_LightProbeUsage: 1
  m_ReflectionProbeUsage: 1
  m_RenderingLayerMask: 1
  m_RendererPriority: 0
  m_Materials:
  - {fileID: 2100002, guid: 9853ee154096d6343ab6876839421f0d, type: 3}
  m_StaticBatchInfo:
    firstSubMesh: 0
    subMeshCount: 0
  m_StaticBatchRoot: {fileID: 0}
  m_ProbeAnchor: {fileID: 0}
  m_LightProbeVolumeOverride: {fileID: 0}
  m_ScaleInLightmap: 1
  m_PreserveUVs: 0
  m_IgnoreNormalsForChartDetection: 0
  m_ImportantGI: 0
  m_StitchLightmapSeams: 0
  m_SelectedEditorRenderState: 3
  m_MinimumChartSize: 4
  m_AutoUVMaxDistance: 0.5
  m_AutoUVMaxAngle: 89
  m_LightmapParameters: {fileID: 0}
  m_SortingLayerID: 0
  m_SortingLayer: 0
  m_SortingOrder: 0
--- !u!1 &247546239100828789
GameObject:
  m_ObjectHideFlags: 0
  m_CorrespondingSourceObject: {fileID: 0}
  m_PrefabInstance: {fileID: 0}
  m_PrefabAsset: {fileID: 0}
  serializedVersion: 6
  m_Component:
  - component: {fileID: 247546239100461141}
  - component: {fileID: 247546239101788277}
  - component: {fileID: 247546239102755509}
  - component: {fileID: 4713698310425002979}
  - component: {fileID: 6296701832053682973}
  - component: {fileID: 7402010472212257953}
  m_Layer: 0
  m_Name: Box2131637312
  m_TagString: Untagged
  m_Icon: {fileID: 0}
  m_NavMeshLayer: 0
  m_StaticEditorFlags: 0
  m_IsActive: 1
--- !u!4 &247546239100461141
Transform:
  m_ObjectHideFlags: 0
  m_CorrespondingSourceObject: {fileID: 0}
  m_PrefabInstance: {fileID: 0}
  m_PrefabAsset: {fileID: 0}
  m_GameObject: {fileID: 247546239100828789}
  m_LocalRotation: {x: -0.7071068, y: 0, z: -0, w: 0.7071068}
  m_LocalPosition: {x: 0.4626005, y: 0.01850006, z: 0.19236755}
  m_LocalScale: {x: 1, y: 1, z: 1}
  m_Children: []
  m_Father: {fileID: 247546239100461133}
  m_RootOrder: 4
  m_LocalEulerAnglesHint: {x: 0, y: 0, z: 0}
--- !u!33 &247546239101788277
MeshFilter:
  m_ObjectHideFlags: 0
  m_CorrespondingSourceObject: {fileID: 0}
  m_PrefabInstance: {fileID: 0}
  m_PrefabAsset: {fileID: 0}
  m_GameObject: {fileID: 247546239100828789}
  m_Mesh: {fileID: 4300014, guid: 9853ee154096d6343ab6876839421f0d, type: 3}
--- !u!23 &247546239102755509
MeshRenderer:
  m_ObjectHideFlags: 0
  m_CorrespondingSourceObject: {fileID: 0}
  m_PrefabInstance: {fileID: 0}
  m_PrefabAsset: {fileID: 0}
  m_GameObject: {fileID: 247546239100828789}
  m_Enabled: 1
  m_CastShadows: 1
  m_ReceiveShadows: 1
  m_DynamicOccludee: 1
  m_MotionVectors: 1
  m_LightProbeUsage: 1
  m_ReflectionProbeUsage: 1
  m_RenderingLayerMask: 1
  m_RendererPriority: 0
  m_Materials:
  - {fileID: 2100000, guid: b93099d441568cd4495865b2d9b85e4f, type: 2}
  m_StaticBatchInfo:
    firstSubMesh: 0
    subMeshCount: 0
  m_StaticBatchRoot: {fileID: 0}
  m_ProbeAnchor: {fileID: 0}
  m_LightProbeVolumeOverride: {fileID: 0}
  m_ScaleInLightmap: 1
  m_PreserveUVs: 0
  m_IgnoreNormalsForChartDetection: 0
  m_ImportantGI: 0
  m_StitchLightmapSeams: 0
  m_SelectedEditorRenderState: 3
  m_MinimumChartSize: 4
  m_AutoUVMaxDistance: 0.5
  m_AutoUVMaxAngle: 89
  m_LightmapParameters: {fileID: 0}
  m_SortingLayerID: 0
  m_SortingLayer: 0
  m_SortingOrder: 0
--- !u!114 &4713698310425002979
MonoBehaviour:
  m_ObjectHideFlags: 0
  m_CorrespondingSourceObject: {fileID: 0}
  m_PrefabInstance: {fileID: 0}
  m_PrefabAsset: {fileID: 0}
  m_GameObject: {fileID: 247546239100828789}
  m_Enabled: 0
  m_EditorHideFlags: 0
  m_Script: {fileID: 11500000, guid: fbf3575480402db40813e763382412fb, type: 3}
  m_Name: 
  m_EditorClassIdentifier: 
  color: 0
  eraseRenderer: 0
  originalLayer: 0
  originalMaterials: []
--- !u!65 &6296701832053682973
BoxCollider:
  m_ObjectHideFlags: 0
  m_CorrespondingSourceObject: {fileID: 0}
  m_PrefabInstance: {fileID: 0}
  m_PrefabAsset: {fileID: 0}
  m_GameObject: {fileID: 247546239100828789}
  m_Material: {fileID: 0}
  m_IsTrigger: 0
  m_Enabled: 1
  serializedVersion: 2
  m_Size: {x: 0.5849988, y: 0.020000005, z: 2.5910008}
  m_Center: {x: -0.14799926, y: 0, z: 1.2955004}
--- !u!114 &7402010472212257953
MonoBehaviour:
  m_ObjectHideFlags: 0
  m_CorrespondingSourceObject: {fileID: 0}
  m_PrefabInstance: {fileID: 0}
  m_PrefabAsset: {fileID: 0}
  m_GameObject: {fileID: 247546239100828789}
  m_Enabled: 1
  m_EditorHideFlags: 0
  m_Script: {fileID: 11500000, guid: 5ce00d94864342e49a7b079732521984, type: 3}
  m_Name: 
  m_EditorClassIdentifier: 
  listFam:
  - nome: Laccati
    compatibile: 1
    sottoFamiglie:
    - nome: Lucidi
      compatibile: 0
    - nome: Opachi
      compatibile: 0
  - nome: Nobilitati
    compatibile: 1
    sottoFamiglie:
    - nome: Stampe Grafiche
      compatibile: 0
    - nome: Stampe Materiche
      compatibile: 0
    - nome: Stampe tessuto
      compatibile: 0
    - nome: Standard
      compatibile: 0
  - nome: Vetri
    compatibile: 1
    sottoFamiglie:
    - nome: Laccati
      compatibile: 0
    - nome: Specchi
      compatibile: 0
    - nome: Stampe Grafiche
      compatibile: 0
    - nome: Stampe Materiche
      compatibile: 0
    - nome: Stampe Tessuto
      compatibile: 0
  - nome: Essenze
    compatibile: 1
    sottoFamiglie:
    - nome: Lucide
      compatibile: 0
    - nome: Opache
      compatibile: 0
--- !u!1 &247546239100828791
GameObject:
  m_ObjectHideFlags: 0
  m_CorrespondingSourceObject: {fileID: 0}
  m_PrefabInstance: {fileID: 0}
  m_PrefabAsset: {fileID: 0}
  serializedVersion: 6
  m_Component:
  - component: {fileID: 247546239100461143}
  - component: {fileID: 247546239101788279}
  - component: {fileID: 247546239102755511}
  - component: {fileID: 6291365851863744135}
  - component: {fileID: 7998494690463620638}
  - component: {fileID: 2797479188303007387}
  m_Layer: 0
  m_Name: Box2131637313
  m_TagString: Untagged
  m_Icon: {fileID: 0}
  m_NavMeshLayer: 0
  m_StaticEditorFlags: 0
  m_IsActive: 1
--- !u!4 &247546239100461143
Transform:
  m_ObjectHideFlags: 0
  m_CorrespondingSourceObject: {fileID: 0}
  m_PrefabInstance: {fileID: 0}
  m_PrefabAsset: {fileID: 0}
  m_GameObject: {fileID: 247546239100828791}
  m_LocalRotation: {x: -0.7071068, y: 0, z: -0, w: 0.7071068}
  m_LocalPosition: {x: -1.4517037, y: 2.6095002, z: 0.19236755}
  m_LocalScale: {x: 1, y: 1, z: 1}
  m_Children: []
  m_Father: {fileID: 247546239100461133}
  m_RootOrder: 5
  m_LocalEulerAnglesHint: {x: 0, y: 0, z: 0}
--- !u!33 &247546239101788279
MeshFilter:
  m_ObjectHideFlags: 0
  m_CorrespondingSourceObject: {fileID: 0}
  m_PrefabInstance: {fileID: 0}
  m_PrefabAsset: {fileID: 0}
  m_GameObject: {fileID: 247546239100828791}
  m_Mesh: {fileID: 4300016, guid: 9853ee154096d6343ab6876839421f0d, type: 3}
--- !u!23 &247546239102755511
MeshRenderer:
  m_ObjectHideFlags: 0
  m_CorrespondingSourceObject: {fileID: 0}
  m_PrefabInstance: {fileID: 0}
  m_PrefabAsset: {fileID: 0}
  m_GameObject: {fileID: 247546239100828791}
  m_Enabled: 1
  m_CastShadows: 1
  m_ReceiveShadows: 1
  m_DynamicOccludee: 1
  m_MotionVectors: 1
  m_LightProbeUsage: 1
  m_ReflectionProbeUsage: 1
  m_RenderingLayerMask: 1
  m_RendererPriority: 0
  m_Materials:
  - {fileID: 2100000, guid: b93099d441568cd4495865b2d9b85e4f, type: 2}
  m_StaticBatchInfo:
    firstSubMesh: 0
    subMeshCount: 0
  m_StaticBatchRoot: {fileID: 0}
  m_ProbeAnchor: {fileID: 0}
  m_LightProbeVolumeOverride: {fileID: 0}
  m_ScaleInLightmap: 1
  m_PreserveUVs: 0
  m_IgnoreNormalsForChartDetection: 0
  m_ImportantGI: 0
  m_StitchLightmapSeams: 0
  m_SelectedEditorRenderState: 3
  m_MinimumChartSize: 4
  m_AutoUVMaxDistance: 0.5
  m_AutoUVMaxAngle: 89
  m_LightmapParameters: {fileID: 0}
  m_SortingLayerID: 0
  m_SortingLayer: 0
  m_SortingOrder: 0
--- !u!114 &6291365851863744135
MonoBehaviour:
  m_ObjectHideFlags: 0
  m_CorrespondingSourceObject: {fileID: 0}
  m_PrefabInstance: {fileID: 0}
  m_PrefabAsset: {fileID: 0}
  m_GameObject: {fileID: 247546239100828791}
  m_Enabled: 0
  m_EditorHideFlags: 0
  m_Script: {fileID: 11500000, guid: fbf3575480402db40813e763382412fb, type: 3}
  m_Name: 
  m_EditorClassIdentifier: 
  color: 0
  eraseRenderer: 0
  originalLayer: 0
  originalMaterials: []
--- !u!65 &7998494690463620638
BoxCollider:
  m_ObjectHideFlags: 0
  m_CorrespondingSourceObject: {fileID: 0}
  m_PrefabInstance: {fileID: 0}
  m_PrefabAsset: {fileID: 0}
  m_GameObject: {fileID: 247546239100828791}
  m_Material: {fileID: 0}
  m_IsTrigger: 0
  m_Enabled: 1
  serializedVersion: 2
  m_Size: {x: 0.29450804, y: 0.020000005, z: 2.5910008}
  m_Center: {x: 0.14410278, y: 0, z: -1.2955004}
--- !u!114 &2797479188303007387
MonoBehaviour:
  m_ObjectHideFlags: 0
  m_CorrespondingSourceObject: {fileID: 0}
  m_PrefabInstance: {fileID: 0}
  m_PrefabAsset: {fileID: 0}
  m_GameObject: {fileID: 247546239100828791}
  m_Enabled: 1
  m_EditorHideFlags: 0
  m_Script: {fileID: 11500000, guid: 5ce00d94864342e49a7b079732521984, type: 3}
  m_Name: 
  m_EditorClassIdentifier: 
  listFam:
  - nome: Laccati
    compatibile: 1
    sottoFamiglie:
    - nome: Lucidi
      compatibile: 0
    - nome: Opachi
      compatibile: 0
  - nome: Nobilitati
    compatibile: 1
    sottoFamiglie:
    - nome: Stampe Grafiche
      compatibile: 0
    - nome: Stampe Materiche
      compatibile: 0
    - nome: Stampe tessuto
      compatibile: 0
    - nome: Standard
      compatibile: 0
  - nome: Vetri
    compatibile: 1
    sottoFamiglie:
    - nome: Laccati
      compatibile: 0
    - nome: Specchi
      compatibile: 0
    - nome: Stampe Grafiche
      compatibile: 0
    - nome: Stampe Materiche
      compatibile: 0
    - nome: Stampe Tessuto
      compatibile: 0
  - nome: Essenze
    compatibile: 1
    sottoFamiglie:
    - nome: Lucide
      compatibile: 0
    - nome: Opache
      compatibile: 0
--- !u!1 &247546239100828793
GameObject:
  m_ObjectHideFlags: 0
  m_CorrespondingSourceObject: {fileID: 0}
  m_PrefabInstance: {fileID: 0}
  m_PrefabAsset: {fileID: 0}
  serializedVersion: 6
  m_Component:
  - component: {fileID: 247546239100461145}
  - component: {fileID: 247546239101788281}
  - component: {fileID: 247546239102755513}
  - component: {fileID: 495327740765431942}
  - component: {fileID: 3934508821062825578}
  - component: {fileID: 4449432587755269172}
  m_Layer: 0
  m_Name: Box2131637303
  m_TagString: Untagged
  m_Icon: {fileID: 0}
  m_NavMeshLayer: 0
  m_StaticEditorFlags: 0
  m_IsActive: 1
--- !u!4 &247546239100461145
Transform:
  m_ObjectHideFlags: 0
  m_CorrespondingSourceObject: {fileID: 0}
  m_PrefabInstance: {fileID: 0}
  m_PrefabAsset: {fileID: 0}
  m_GameObject: {fileID: 247546239100828793}
  m_LocalRotation: {x: -0.7071068, y: 0, z: -0, w: 0.7071068}
  m_LocalPosition: {x: 0.903571, y: 2.6095002, z: 0.19236755}
  m_LocalScale: {x: 1, y: 1, z: 1}
  m_Children: []
  m_Father: {fileID: 247546239100461133}
  m_RootOrder: 2
  m_LocalEulerAnglesHint: {x: 0, y: 0, z: 0}
--- !u!33 &247546239101788281
MeshFilter:
  m_ObjectHideFlags: 0
  m_CorrespondingSourceObject: {fileID: 0}
  m_PrefabInstance: {fileID: 0}
  m_PrefabAsset: {fileID: 0}
  m_GameObject: {fileID: 247546239100828793}
  m_Mesh: {fileID: 4300006, guid: 9853ee154096d6343ab6876839421f0d, type: 3}
--- !u!23 &247546239102755513
MeshRenderer:
  m_ObjectHideFlags: 0
  m_CorrespondingSourceObject: {fileID: 0}
  m_PrefabInstance: {fileID: 0}
  m_PrefabAsset: {fileID: 0}
  m_GameObject: {fileID: 247546239100828793}
  m_Enabled: 1
  m_CastShadows: 1
  m_ReceiveShadows: 1
  m_DynamicOccludee: 1
  m_MotionVectors: 1
  m_LightProbeUsage: 1
  m_ReflectionProbeUsage: 1
  m_RenderingLayerMask: 1
  m_RendererPriority: 0
  m_Materials:
  - {fileID: 2100000, guid: b93099d441568cd4495865b2d9b85e4f, type: 2}
  m_StaticBatchInfo:
    firstSubMesh: 0
    subMeshCount: 0
  m_StaticBatchRoot: {fileID: 0}
  m_ProbeAnchor: {fileID: 0}
  m_LightProbeVolumeOverride: {fileID: 0}
  m_ScaleInLightmap: 1
  m_PreserveUVs: 0
  m_IgnoreNormalsForChartDetection: 0
  m_ImportantGI: 0
  m_StitchLightmapSeams: 0
  m_SelectedEditorRenderState: 3
  m_MinimumChartSize: 4
  m_AutoUVMaxDistance: 0.5
  m_AutoUVMaxAngle: 89
  m_LightmapParameters: {fileID: 0}
  m_SortingLayerID: 0
  m_SortingLayer: 0
  m_SortingOrder: 0
--- !u!114 &495327740765431942
MonoBehaviour:
  m_ObjectHideFlags: 0
  m_CorrespondingSourceObject: {fileID: 0}
  m_PrefabInstance: {fileID: 0}
  m_PrefabAsset: {fileID: 0}
  m_GameObject: {fileID: 247546239100828793}
  m_Enabled: 0
  m_EditorHideFlags: 0
  m_Script: {fileID: 11500000, guid: fbf3575480402db40813e763382412fb, type: 3}
  m_Name: 
  m_EditorClassIdentifier: 
  color: 0
  eraseRenderer: 0
  originalLayer: 0
  originalMaterials: []
--- !u!65 &3934508821062825578
BoxCollider:
  m_ObjectHideFlags: 0
  m_CorrespondingSourceObject: {fileID: 0}
  m_PrefabInstance: {fileID: 0}
  m_PrefabAsset: {fileID: 0}
  m_GameObject: {fileID: 247546239100828793}
  m_Material: {fileID: 0}
  m_IsTrigger: 0
  m_Enabled: 1
  serializedVersion: 2
  m_Size: {x: 0.5825, y: 0.020000005, z: 2.5910008}
  m_Center: {x: -0.0012493879, y: 0, z: -1.2955004}
--- !u!114 &4449432587755269172
MonoBehaviour:
  m_ObjectHideFlags: 0
  m_CorrespondingSourceObject: {fileID: 0}
  m_PrefabInstance: {fileID: 0}
  m_PrefabAsset: {fileID: 0}
  m_GameObject: {fileID: 247546239100828793}
  m_Enabled: 1
  m_EditorHideFlags: 0
  m_Script: {fileID: 11500000, guid: 5ce00d94864342e49a7b079732521984, type: 3}
  m_Name: 
  m_EditorClassIdentifier: 
  listFam:
  - nome: Laccati
    compatibile: 1
    sottoFamiglie:
    - nome: Lucidi
      compatibile: 0
    - nome: Opachi
      compatibile: 0
  - nome: Nobilitati
    compatibile: 1
    sottoFamiglie:
    - nome: Stampe Grafiche
      compatibile: 0
    - nome: Stampe Materiche
      compatibile: 0
    - nome: Stampe tessuto
      compatibile: 0
    - nome: Standard
      compatibile: 0
  - nome: Vetri
    compatibile: 1
    sottoFamiglie:
    - nome: Laccati
      compatibile: 0
    - nome: Specchi
      compatibile: 0
    - nome: Stampe Grafiche
      compatibile: 0
    - nome: Stampe Materiche
      compatibile: 0
    - nome: Stampe Tessuto
      compatibile: 0
  - nome: Essenze
    compatibile: 1
    sottoFamiglie:
    - nome: Lucide
      compatibile: 0
    - nome: Opache
      compatibile: 0
--- !u!1 &247546239100828795
GameObject:
  m_ObjectHideFlags: 0
  m_CorrespondingSourceObject: {fileID: 0}
  m_PrefabInstance: {fileID: 0}
  m_PrefabAsset: {fileID: 0}
  serializedVersion: 6
  m_Component:
  - component: {fileID: 247546239100461147}
  - component: {fileID: 247546239101788283}
  - component: {fileID: 247546239102755515}
  - component: {fileID: 3042619400178981234}
  - component: {fileID: 1686019185897061840}
  - component: {fileID: 2723899129087089873}
  m_Layer: 0
  m_Name: Box2131637310
  m_TagString: Untagged
  m_Icon: {fileID: 0}
  m_NavMeshLayer: 0
  m_StaticEditorFlags: 0
  m_IsActive: 1
--- !u!4 &247546239100461147
Transform:
  m_ObjectHideFlags: 0
  m_CorrespondingSourceObject: {fileID: 0}
  m_PrefabInstance: {fileID: 0}
  m_PrefabAsset: {fileID: 0}
  m_GameObject: {fileID: 247546239100828795}
  m_LocalRotation: {x: -0.7071068, y: 0, z: -0, w: 0.7071068}
  m_LocalPosition: {x: -0.27354693, y: 2.6095002, z: 0.19236755}
  m_LocalScale: {x: 1, y: 1, z: 1}
  m_Children: []
  m_Father: {fileID: 247546239100461133}
  m_RootOrder: 3
  m_LocalEulerAnglesHint: {x: 0, y: 0, z: 0}
--- !u!33 &247546239101788283
MeshFilter:
  m_ObjectHideFlags: 0
  m_CorrespondingSourceObject: {fileID: 0}
  m_PrefabInstance: {fileID: 0}
  m_PrefabAsset: {fileID: 0}
  m_GameObject: {fileID: 247546239100828795}
  m_Mesh: {fileID: 4300012, guid: 9853ee154096d6343ab6876839421f0d, type: 3}
--- !u!23 &247546239102755515
MeshRenderer:
  m_ObjectHideFlags: 0
  m_CorrespondingSourceObject: {fileID: 0}
  m_PrefabInstance: {fileID: 0}
  m_PrefabAsset: {fileID: 0}
  m_GameObject: {fileID: 247546239100828795}
  m_Enabled: 1
  m_CastShadows: 1
  m_ReceiveShadows: 1
  m_DynamicOccludee: 1
  m_MotionVectors: 1
  m_LightProbeUsage: 1
  m_ReflectionProbeUsage: 1
  m_RenderingLayerMask: 1
  m_RendererPriority: 0
  m_Materials:
  - {fileID: 2100000, guid: b93099d441568cd4495865b2d9b85e4f, type: 2}
  m_StaticBatchInfo:
    firstSubMesh: 0
    subMeshCount: 0
  m_StaticBatchRoot: {fileID: 0}
  m_ProbeAnchor: {fileID: 0}
  m_LightProbeVolumeOverride: {fileID: 0}
  m_ScaleInLightmap: 1
  m_PreserveUVs: 0
  m_IgnoreNormalsForChartDetection: 0
  m_ImportantGI: 0
  m_StitchLightmapSeams: 0
  m_SelectedEditorRenderState: 3
  m_MinimumChartSize: 4
  m_AutoUVMaxDistance: 0.5
  m_AutoUVMaxAngle: 89
  m_LightmapParameters: {fileID: 0}
  m_SortingLayerID: 0
  m_SortingLayer: 0
  m_SortingOrder: 0
--- !u!114 &3042619400178981234
MonoBehaviour:
  m_ObjectHideFlags: 0
  m_CorrespondingSourceObject: {fileID: 0}
  m_PrefabInstance: {fileID: 0}
  m_PrefabAsset: {fileID: 0}
  m_GameObject: {fileID: 247546239100828795}
  m_Enabled: 0
  m_EditorHideFlags: 0
  m_Script: {fileID: 11500000, guid: fbf3575480402db40813e763382412fb, type: 3}
  m_Name: 
  m_EditorClassIdentifier: 
  color: 0
  eraseRenderer: 0
  originalLayer: 0
  originalMaterials: []
--- !u!65 &1686019185897061840
BoxCollider:
  m_ObjectHideFlags: 0
  m_CorrespondingSourceObject: {fileID: 0}
  m_PrefabInstance: {fileID: 0}
  m_PrefabAsset: {fileID: 0}
  m_GameObject: {fileID: 247546239100828795}
  m_Material: {fileID: 0}
  m_IsTrigger: 0
  m_Enabled: 1
  serializedVersion: 2
  m_Size: {x: 0.5825, y: 0.020000005, z: 2.5910008}
  m_Center: {x: -0.0012493879, y: 0, z: -1.2955004}
--- !u!114 &2723899129087089873
MonoBehaviour:
  m_ObjectHideFlags: 0
  m_CorrespondingSourceObject: {fileID: 0}
  m_PrefabInstance: {fileID: 0}
  m_PrefabAsset: {fileID: 0}
  m_GameObject: {fileID: 247546239100828795}
  m_Enabled: 1
  m_EditorHideFlags: 0
  m_Script: {fileID: 11500000, guid: 5ce00d94864342e49a7b079732521984, type: 3}
  m_Name: 
  m_EditorClassIdentifier: 
  listFam:
  - nome: Laccati
    compatibile: 1
    sottoFamiglie:
    - nome: Lucidi
      compatibile: 0
    - nome: Opachi
      compatibile: 0
  - nome: Nobilitati
    compatibile: 1
    sottoFamiglie:
    - nome: Stampe Grafiche
      compatibile: 0
    - nome: Stampe Materiche
      compatibile: 0
    - nome: Stampe tessuto
      compatibile: 0
    - nome: Standard
      compatibile: 0
  - nome: Vetri
    compatibile: 1
    sottoFamiglie:
    - nome: Laccati
      compatibile: 0
    - nome: Specchi
      compatibile: 0
    - nome: Stampe Grafiche
      compatibile: 0
    - nome: Stampe Materiche
      compatibile: 0
    - nome: Stampe Tessuto
      compatibile: 0
  - nome: Essenze
    compatibile: 1
    sottoFamiglie:
    - nome: Lucide
      compatibile: 0
    - nome: Opache
      compatibile: 0
--- !u!1 &247546239100828797
GameObject:
  m_ObjectHideFlags: 0
  m_CorrespondingSourceObject: {fileID: 0}
  m_PrefabInstance: {fileID: 0}
  m_PrefabAsset: {fileID: 0}
  serializedVersion: 6
  m_Component:
  - component: {fileID: 247546239100461149}
  - component: {fileID: 247546239101788285}
  - component: {fileID: 247546239102755517}
  m_Layer: 0
  m_Name: Box2131637299
  m_TagString: Untagged
  m_Icon: {fileID: 0}
  m_NavMeshLayer: 0
  m_StaticEditorFlags: 0
  m_IsActive: 1
--- !u!4 &247546239100461149
Transform:
  m_ObjectHideFlags: 0
  m_CorrespondingSourceObject: {fileID: 0}
  m_PrefabInstance: {fileID: 0}
  m_PrefabAsset: {fileID: 0}
  m_GameObject: {fileID: 247546239100828797}
  m_LocalRotation: {x: -0.7071068, y: 0, z: -0, w: 0.7071068}
  m_LocalPosition: {x: 1.582371, y: 2.6999996, z: -0.19562995}
  m_LocalScale: {x: 1, y: 1, z: 1}
  m_Children: []
  m_Father: {fileID: 247546239100461133}
  m_RootOrder: 0
  m_LocalEulerAnglesHint: {x: 0, y: 0, z: 0}
--- !u!33 &247546239101788285
MeshFilter:
  m_ObjectHideFlags: 0
  m_CorrespondingSourceObject: {fileID: 0}
  m_PrefabInstance: {fileID: 0}
  m_PrefabAsset: {fileID: 0}
  m_GameObject: {fileID: 247546239100828797}
  m_Mesh: {fileID: 4300000, guid: 9853ee154096d6343ab6876839421f0d, type: 3}
--- !u!23 &247546239102755517
MeshRenderer:
  m_ObjectHideFlags: 0
  m_CorrespondingSourceObject: {fileID: 0}
  m_PrefabInstance: {fileID: 0}
  m_PrefabAsset: {fileID: 0}
  m_GameObject: {fileID: 247546239100828797}
  m_Enabled: 1
  m_CastShadows: 1
  m_ReceiveShadows: 1
  m_DynamicOccludee: 1
  m_MotionVectors: 1
  m_LightProbeUsage: 1
  m_ReflectionProbeUsage: 1
  m_RenderingLayerMask: 1
  m_RendererPriority: 0
  m_Materials:
  - {fileID: 2100000, guid: c9faa8da7bfc0984cbd896c6191205b3, type: 2}
  m_StaticBatchInfo:
    firstSubMesh: 0
    subMeshCount: 0
  m_StaticBatchRoot: {fileID: 0}
  m_ProbeAnchor: {fileID: 0}
  m_LightProbeVolumeOverride: {fileID: 0}
  m_ScaleInLightmap: 1
  m_PreserveUVs: 0
  m_IgnoreNormalsForChartDetection: 0
  m_ImportantGI: 0
  m_StitchLightmapSeams: 0
  m_SelectedEditorRenderState: 3
  m_MinimumChartSize: 4
  m_AutoUVMaxDistance: 0.5
  m_AutoUVMaxAngle: 89
  m_LightmapParameters: {fileID: 0}
  m_SortingLayerID: 0
  m_SortingLayer: 0
  m_SortingOrder: 0
--- !u!1 &247546239100828799
GameObject:
  m_ObjectHideFlags: 0
  m_CorrespondingSourceObject: {fileID: 0}
  m_PrefabInstance: {fileID: 0}
  m_PrefabAsset: {fileID: 0}
  serializedVersion: 6
  m_Component:
  - component: {fileID: 247546239100461151}
  - component: {fileID: 247546239101788287}
  - component: {fileID: 247546239102755519}
  - component: {fileID: 1415318583992477033}
  - component: {fileID: 861489215077677890}
  - component: {fileID: 4672678040100880564}
  m_Layer: 0
  m_Name: Box2131637302
  m_TagString: Untagged
  m_Icon: {fileID: 0}
  m_NavMeshLayer: 0
  m_StaticEditorFlags: 0
  m_IsActive: 1
--- !u!4 &247546239100461151
Transform:
  m_ObjectHideFlags: 0
  m_CorrespondingSourceObject: {fileID: 0}
  m_PrefabInstance: {fileID: 0}
  m_PrefabAsset: {fileID: 0}
  m_GameObject: {fileID: 247546239100828799}
  m_LocalRotation: {x: -0.7071068, y: 0, z: -0, w: 0.7071068}
  m_LocalPosition: {x: 1.343571, y: 0.01850006, z: 0.19236755}
  m_LocalScale: {x: 1, y: 1, z: 1}
  m_Children: []
  m_Father: {fileID: 247546239100461133}
  m_RootOrder: 1
  m_LocalEulerAnglesHint: {x: 0, y: 0, z: 0}
--- !u!33 &247546239101788287
MeshFilter:
  m_ObjectHideFlags: 0
  m_CorrespondingSourceObject: {fileID: 0}
  m_PrefabInstance: {fileID: 0}
  m_PrefabAsset: {fileID: 0}
  m_GameObject: {fileID: 247546239100828799}
  m_Mesh: {fileID: 4300004, guid: 9853ee154096d6343ab6876839421f0d, type: 3}
--- !u!23 &247546239102755519
MeshRenderer:
  m_ObjectHideFlags: 0
  m_CorrespondingSourceObject: {fileID: 0}
  m_PrefabInstance: {fileID: 0}
  m_PrefabAsset: {fileID: 0}
  m_GameObject: {fileID: 247546239100828799}
  m_Enabled: 1
  m_CastShadows: 1
  m_ReceiveShadows: 1
  m_DynamicOccludee: 1
  m_MotionVectors: 1
  m_LightProbeUsage: 1
  m_ReflectionProbeUsage: 1
  m_RenderingLayerMask: 1
  m_RendererPriority: 0
  m_Materials:
  - {fileID: 2100000, guid: b93099d441568cd4495865b2d9b85e4f, type: 2}
  m_StaticBatchInfo:
    firstSubMesh: 0
    subMeshCount: 0
  m_StaticBatchRoot: {fileID: 0}
  m_ProbeAnchor: {fileID: 0}
  m_LightProbeVolumeOverride: {fileID: 0}
  m_ScaleInLightmap: 1
  m_PreserveUVs: 0
  m_IgnoreNormalsForChartDetection: 0
  m_ImportantGI: 0
  m_StitchLightmapSeams: 0
  m_SelectedEditorRenderState: 3
  m_MinimumChartSize: 4
  m_AutoUVMaxDistance: 0.5
  m_AutoUVMaxAngle: 89
  m_LightmapParameters: {fileID: 0}
  m_SortingLayerID: 0
  m_SortingLayer: 0
  m_SortingOrder: 0
--- !u!114 &1415318583992477033
MonoBehaviour:
  m_ObjectHideFlags: 0
  m_CorrespondingSourceObject: {fileID: 0}
  m_PrefabInstance: {fileID: 0}
  m_PrefabAsset: {fileID: 0}
  m_GameObject: {fileID: 247546239100828799}
  m_Enabled: 0
  m_EditorHideFlags: 0
  m_Script: {fileID: 11500000, guid: fbf3575480402db40813e763382412fb, type: 3}
  m_Name: 
  m_EditorClassIdentifier: 
  color: 0
  eraseRenderer: 0
  originalLayer: 0
  originalMaterials: []
--- !u!65 &861489215077677890
BoxCollider:
  m_ObjectHideFlags: 0
  m_CorrespondingSourceObject: {fileID: 0}
  m_PrefabInstance: {fileID: 0}
  m_PrefabAsset: {fileID: 0}
  m_GameObject: {fileID: 247546239100828799}
  m_Material: {fileID: 0}
  m_IsTrigger: 0
  m_Enabled: 1
  serializedVersion: 2
  m_Size: {x: 0.28900024, y: 0.020000005, z: 2.5910008}
  m_Center: {x: 0, y: 0, z: 1.2955004}
--- !u!114 &4672678040100880564
MonoBehaviour:
  m_ObjectHideFlags: 0
  m_CorrespondingSourceObject: {fileID: 0}
  m_PrefabInstance: {fileID: 0}
  m_PrefabAsset: {fileID: 0}
  m_GameObject: {fileID: 247546239100828799}
  m_Enabled: 1
  m_EditorHideFlags: 0
  m_Script: {fileID: 11500000, guid: 5ce00d94864342e49a7b079732521984, type: 3}
  m_Name: 
  m_EditorClassIdentifier: 
  listFam:
  - nome: Laccati
    compatibile: 1
    sottoFamiglie:
    - nome: Lucidi
      compatibile: 0
    - nome: Opachi
      compatibile: 0
  - nome: Nobilitati
    compatibile: 1
    sottoFamiglie:
    - nome: Stampe Grafiche
      compatibile: 0
    - nome: Stampe Materiche
      compatibile: 0
    - nome: Stampe tessuto
      compatibile: 0
    - nome: Standard
      compatibile: 0
  - nome: Vetri
    compatibile: 1
    sottoFamiglie:
    - nome: Laccati
      compatibile: 0
    - nome: Specchi
      compatibile: 0
    - nome: Stampe Grafiche
      compatibile: 0
    - nome: Stampe Materiche
      compatibile: 0
    - nome: Stampe Tessuto
      compatibile: 0
  - nome: Essenze
    compatibile: 1
    sottoFamiglie:
    - nome: Lucide
      compatibile: 0
    - nome: Opache
      compatibile: 0
--- !u!1 &247546239136212086
GameObject:
  m_ObjectHideFlags: 0
  m_CorrespondingSourceObject: {fileID: 0}
  m_PrefabInstance: {fileID: 0}
  m_PrefabAsset: {fileID: 0}
  serializedVersion: 6
  m_Component:
  - component: {fileID: 247546239136212089}
  - component: {fileID: 247546239136212088}
  - component: {fileID: 247546239136212087}
  m_Layer: 0
  m_Name: Cage table 50cm001 (1)
  m_TagString: Untagged
  m_Icon: {fileID: 0}
  m_NavMeshLayer: 0
  m_StaticEditorFlags: 0
  m_IsActive: 1
--- !u!4 &247546239136212089
Transform:
  m_ObjectHideFlags: 0
  m_CorrespondingSourceObject: {fileID: 0}
  m_PrefabInstance: {fileID: 0}
  m_PrefabAsset: {fileID: 0}
  m_GameObject: {fileID: 247546239136212086}
  m_LocalRotation: {x: -0.6929148, y: 0.14095785, z: 0.14095785, w: 0.6929148}
  m_LocalPosition: {x: -0.40899998, y: 0.338, z: 3.203}
  m_LocalScale: {x: 1.43922, y: 1.4392208, z: 1}
  m_Children: []
  m_Father: {fileID: 247546239100461133}
  m_RootOrder: 12
  m_LocalEulerAnglesHint: {x: 0, y: 0, z: 0}
--- !u!33 &247546239136212088
MeshFilter:
  m_ObjectHideFlags: 0
  m_CorrespondingSourceObject: {fileID: 0}
  m_PrefabInstance: {fileID: 0}
  m_PrefabAsset: {fileID: 0}
  m_GameObject: {fileID: 247546239136212086}
  m_Mesh: {fileID: 4300002, guid: 4ccbd6b64ee0a8f43bf0e8484a93486d, type: 3}
--- !u!23 &247546239136212087
MeshRenderer:
  m_ObjectHideFlags: 0
  m_CorrespondingSourceObject: {fileID: 0}
  m_PrefabInstance: {fileID: 0}
  m_PrefabAsset: {fileID: 0}
  m_GameObject: {fileID: 247546239136212086}
  m_Enabled: 1
  m_CastShadows: 1
  m_ReceiveShadows: 1
  m_DynamicOccludee: 1
  m_MotionVectors: 1
  m_LightProbeUsage: 1
  m_ReflectionProbeUsage: 1
  m_RenderingLayerMask: 1
  m_RendererPriority: 0
  m_Materials:
  - {fileID: 2100000, guid: 4ccbd6b64ee0a8f43bf0e8484a93486d, type: 3}
  - {fileID: 2100002, guid: 4ccbd6b64ee0a8f43bf0e8484a93486d, type: 3}
  m_StaticBatchInfo:
    firstSubMesh: 0
    subMeshCount: 0
  m_StaticBatchRoot: {fileID: 0}
  m_ProbeAnchor: {fileID: 0}
  m_LightProbeVolumeOverride: {fileID: 0}
  m_ScaleInLightmap: 1
  m_PreserveUVs: 0
  m_IgnoreNormalsForChartDetection: 0
  m_ImportantGI: 0
  m_StitchLightmapSeams: 0
  m_SelectedEditorRenderState: 3
  m_MinimumChartSize: 4
  m_AutoUVMaxDistance: 0.5
  m_AutoUVMaxAngle: 89
  m_LightmapParameters: {fileID: 0}
  m_SortingLayerID: 0
  m_SortingLayer: 0
  m_SortingOrder: 0
--- !u!1 &247546239263501075
GameObject:
  m_ObjectHideFlags: 0
  m_CorrespondingSourceObject: {fileID: 0}
  m_PrefabInstance: {fileID: 0}
  m_PrefabAsset: {fileID: 0}
  serializedVersion: 6
  m_Component:
  - component: {fileID: 247546239263501078}
  - component: {fileID: 247546239263501077}
  - component: {fileID: 247546239263501076}
  m_Layer: 0
  m_Name: Cage table 50cm (1)
  m_TagString: Untagged
  m_Icon: {fileID: 0}
  m_NavMeshLayer: 0
  m_StaticEditorFlags: 0
  m_IsActive: 1
--- !u!4 &247546239263501078
Transform:
  m_ObjectHideFlags: 0
  m_CorrespondingSourceObject: {fileID: 0}
  m_PrefabInstance: {fileID: 0}
  m_PrefabAsset: {fileID: 0}
  m_GameObject: {fileID: 247546239263501075}
  m_LocalRotation: {x: -0.6929148, y: 0.14095785, z: 0.14095785, w: 0.6929148}
  m_LocalPosition: {x: -1.514, y: 0.499, z: 2.956}
  m_LocalScale: {x: 1, y: 1, z: 1.1092}
  m_Children: []
  m_Father: {fileID: 247546239100461133}
  m_RootOrder: 11
  m_LocalEulerAnglesHint: {x: 0, y: 0, z: 0}
--- !u!33 &247546239263501077
MeshFilter:
  m_ObjectHideFlags: 0
  m_CorrespondingSourceObject: {fileID: 0}
  m_PrefabInstance: {fileID: 0}
  m_PrefabAsset: {fileID: 0}
  m_GameObject: {fileID: 247546239263501075}
  m_Mesh: {fileID: 4300000, guid: 4ccbd6b64ee0a8f43bf0e8484a93486d, type: 3}
--- !u!23 &247546239263501076
MeshRenderer:
  m_ObjectHideFlags: 0
  m_CorrespondingSourceObject: {fileID: 0}
  m_PrefabInstance: {fileID: 0}
  m_PrefabAsset: {fileID: 0}
  m_GameObject: {fileID: 247546239263501075}
  m_Enabled: 1
  m_CastShadows: 1
  m_ReceiveShadows: 1
  m_DynamicOccludee: 1
  m_MotionVectors: 1
  m_LightProbeUsage: 1
  m_ReflectionProbeUsage: 1
  m_RenderingLayerMask: 1
  m_RendererPriority: 0
  m_Materials:
  - {fileID: 2100000, guid: 4ccbd6b64ee0a8f43bf0e8484a93486d, type: 3}
  - {fileID: 2100002, guid: 4ccbd6b64ee0a8f43bf0e8484a93486d, type: 3}
  m_StaticBatchInfo:
    firstSubMesh: 0
    subMeshCount: 0
  m_StaticBatchRoot: {fileID: 0}
  m_ProbeAnchor: {fileID: 0}
  m_LightProbeVolumeOverride: {fileID: 0}
  m_ScaleInLightmap: 1
  m_PreserveUVs: 0
  m_IgnoreNormalsForChartDetection: 0
  m_ImportantGI: 0
  m_StitchLightmapSeams: 0
  m_SelectedEditorRenderState: 3
  m_MinimumChartSize: 4
  m_AutoUVMaxDistance: 0.5
  m_AutoUVMaxAngle: 89
  m_LightmapParameters: {fileID: 0}
  m_SortingLayerID: 0
  m_SortingLayer: 0
  m_SortingOrder: 0
--- !u!1 &247546239373306968
GameObject:
  m_ObjectHideFlags: 0
  m_CorrespondingSourceObject: {fileID: 0}
  m_PrefabInstance: {fileID: 0}
  m_PrefabAsset: {fileID: 0}
  serializedVersion: 6
  m_Component:
  - component: {fileID: 247546239373306969}
  m_Layer: 0
  m_Name: Group2098641003
  m_TagString: Untagged
  m_Icon: {fileID: 0}
  m_NavMeshLayer: 0
  m_StaticEditorFlags: 0
  m_IsActive: 1
--- !u!4 &247546239373306969
Transform:
  m_ObjectHideFlags: 0
  m_CorrespondingSourceObject: {fileID: 0}
  m_PrefabInstance: {fileID: 0}
  m_PrefabAsset: {fileID: 0}
  m_GameObject: {fileID: 247546239373306968}
  m_LocalRotation: {x: 0, y: -0, z: -0, w: 1}
  m_LocalPosition: {x: -0, y: 0, z: 0.12657836}
  m_LocalScale: {x: 1, y: 1, z: 1}
  m_Children:
  - {fileID: 247546238390942880}
  - {fileID: 247546240254655605}
  - {fileID: 247546238382546691}
  - {fileID: 247546239976504047}
  - {fileID: 247546238455972979}
  m_Father: {fileID: 247546239727793899}
  m_RootOrder: 1
  m_LocalEulerAnglesHint: {x: 0, y: 0, z: 0}
--- !u!1 &247546239727793898
GameObject:
  m_ObjectHideFlags: 0
  m_CorrespondingSourceObject: {fileID: 0}
  m_PrefabInstance: {fileID: 0}
  m_PrefabAsset: {fileID: 0}
  serializedVersion: 6
  m_Component:
  - component: {fileID: 247546239727793899}
  m_Layer: 0
  m_Name: Poltrona (2)
  m_TagString: Untagged
  m_Icon: {fileID: 0}
  m_NavMeshLayer: 0
  m_StaticEditorFlags: 0
  m_IsActive: 1
--- !u!4 &247546239727793899
Transform:
  m_ObjectHideFlags: 0
  m_CorrespondingSourceObject: {fileID: 0}
  m_PrefabInstance: {fileID: 0}
  m_PrefabAsset: {fileID: 0}
  m_GameObject: {fileID: 247546239727793898}
  m_LocalRotation: {x: -0.7071068, y: -0, z: -0, w: 0.7071068}
  m_LocalPosition: {x: -1.448, y: 0.37, z: 2.172}
  m_LocalScale: {x: 1, y: 1, z: 1}
  m_Children:
  - {fileID: 247546238733256338}
  - {fileID: 247546239373306969}
  m_Father: {fileID: 247546239100461133}
  m_RootOrder: 10
  m_LocalEulerAnglesHint: {x: 0, y: 0, z: 0}
--- !u!1 &247546239976504046
GameObject:
  m_ObjectHideFlags: 0
  m_CorrespondingSourceObject: {fileID: 0}
  m_PrefabInstance: {fileID: 0}
  m_PrefabAsset: {fileID: 0}
  serializedVersion: 6
  m_Component:
  - component: {fileID: 247546239976504047}
  - component: {fileID: 247546239976504049}
  - component: {fileID: 247546239976504048}
  m_Layer: 0
  m_Name: Box019
  m_TagString: Untagged
  m_Icon: {fileID: 0}
  m_NavMeshLayer: 0
  m_StaticEditorFlags: 0
  m_IsActive: 1
--- !u!4 &247546239976504047
Transform:
  m_ObjectHideFlags: 0
  m_CorrespondingSourceObject: {fileID: 0}
  m_PrefabInstance: {fileID: 0}
  m_PrefabAsset: {fileID: 0}
  m_GameObject: {fileID: 247546239976504046}
  m_LocalRotation: {x: 0.34839225, y: 0.3483923, z: 0.6153234, w: 0.6153233}
  m_LocalPosition: {x: -0.18731384, y: 0.015, z: 0.096799165}
  m_LocalScale: {x: 1, y: 1.076679, z: 0.921496}
  m_Children: []
  m_Father: {fileID: 247546239373306969}
  m_RootOrder: 3
  m_LocalEulerAnglesHint: {x: 0, y: 0, z: 0}
--- !u!33 &247546239976504049
MeshFilter:
  m_ObjectHideFlags: 0
  m_CorrespondingSourceObject: {fileID: 0}
  m_PrefabInstance: {fileID: 0}
  m_PrefabAsset: {fileID: 0}
  m_GameObject: {fileID: 247546239976504046}
  m_Mesh: {fileID: 4300150, guid: 0810cc7cf1836844ea3d818f65c00a70, type: 3}
--- !u!23 &247546239976504048
MeshRenderer:
  m_ObjectHideFlags: 0
  m_CorrespondingSourceObject: {fileID: 0}
  m_PrefabInstance: {fileID: 0}
  m_PrefabAsset: {fileID: 0}
  m_GameObject: {fileID: 247546239976504046}
  m_Enabled: 1
  m_CastShadows: 1
  m_ReceiveShadows: 1
  m_DynamicOccludee: 1
  m_MotionVectors: 1
  m_LightProbeUsage: 1
  m_ReflectionProbeUsage: 1
  m_RenderingLayerMask: 1
  m_RendererPriority: 0
  m_Materials:
  - {fileID: 2100000, guid: 55fb5ac81f385eb488bbf59be0edda00, type: 2}
  m_StaticBatchInfo:
    firstSubMesh: 0
    subMeshCount: 0
  m_StaticBatchRoot: {fileID: 0}
  m_ProbeAnchor: {fileID: 0}
  m_LightProbeVolumeOverride: {fileID: 0}
  m_ScaleInLightmap: 1
  m_PreserveUVs: 0
  m_IgnoreNormalsForChartDetection: 0
  m_ImportantGI: 0
  m_StitchLightmapSeams: 0
  m_SelectedEditorRenderState: 3
  m_MinimumChartSize: 4
  m_AutoUVMaxDistance: 0.5
  m_AutoUVMaxAngle: 89
  m_LightmapParameters: {fileID: 0}
  m_SortingLayerID: 0
  m_SortingLayer: 0
  m_SortingOrder: 0
--- !u!1 &247546240254655604
GameObject:
  m_ObjectHideFlags: 0
  m_CorrespondingSourceObject: {fileID: 0}
  m_PrefabInstance: {fileID: 0}
  m_PrefabAsset: {fileID: 0}
  serializedVersion: 6
  m_Component:
  - component: {fileID: 247546240254655605}
  - component: {fileID: 247546240254655607}
  - component: {fileID: 247546240254655606}
  m_Layer: 0
  m_Name: B004
  m_TagString: Untagged
  m_Icon: {fileID: 0}
  m_NavMeshLayer: 0
  m_StaticEditorFlags: 0
  m_IsActive: 1
--- !u!4 &247546240254655605
Transform:
  m_ObjectHideFlags: 0
  m_CorrespondingSourceObject: {fileID: 0}
  m_PrefabInstance: {fileID: 0}
  m_PrefabAsset: {fileID: 0}
  m_GameObject: {fileID: 247546240254655604}
  m_LocalRotation: {x: 0.46097672, y: 0.4609768, z: 0.5361907, w: 0.5361906}
  m_LocalPosition: {x: -0.31929076, y: 0.015, z: 0.08291519}
  m_LocalScale: {x: 1, y: 1.014737, z: 1.002136}
  m_Children: []
  m_Father: {fileID: 247546239373306969}
  m_RootOrder: 1
  m_LocalEulerAnglesHint: {x: 0, y: 0, z: 0}
--- !u!33 &247546240254655607
MeshFilter:
  m_ObjectHideFlags: 0
  m_CorrespondingSourceObject: {fileID: 0}
  m_PrefabInstance: {fileID: 0}
  m_PrefabAsset: {fileID: 0}
  m_GameObject: {fileID: 247546240254655604}
  m_Mesh: {fileID: 4300148, guid: 0810cc7cf1836844ea3d818f65c00a70, type: 3}
--- !u!23 &247546240254655606
MeshRenderer:
  m_ObjectHideFlags: 0
  m_CorrespondingSourceObject: {fileID: 0}
  m_PrefabInstance: {fileID: 0}
  m_PrefabAsset: {fileID: 0}
  m_GameObject: {fileID: 247546240254655604}
  m_Enabled: 1
  m_CastShadows: 1
  m_ReceiveShadows: 1
  m_DynamicOccludee: 1
  m_MotionVectors: 1
  m_LightProbeUsage: 1
  m_ReflectionProbeUsage: 1
  m_RenderingLayerMask: 1
  m_RendererPriority: 0
  m_Materials:
  - {fileID: 2100000, guid: 55fb5ac81f385eb488bbf59be0edda00, type: 2}
  m_StaticBatchInfo:
    firstSubMesh: 0
    subMeshCount: 0
  m_StaticBatchRoot: {fileID: 0}
  m_ProbeAnchor: {fileID: 0}
  m_LightProbeVolumeOverride: {fileID: 0}
  m_ScaleInLightmap: 1
  m_PreserveUVs: 0
  m_IgnoreNormalsForChartDetection: 0
  m_ImportantGI: 0
  m_StitchLightmapSeams: 0
  m_SelectedEditorRenderState: 3
  m_MinimumChartSize: 4
  m_AutoUVMaxDistance: 0.5
  m_AutoUVMaxAngle: 89
  m_LightmapParameters: {fileID: 0}
  m_SortingLayerID: 0
  m_SortingLayer: 0
  m_SortingOrder: 0
--- !u!1001 &187725720
PrefabInstance:
  m_ObjectHideFlags: 0
  serializedVersion: 2
  m_Modification:
    m_TransformParent: {fileID: 247546239100461133}
    m_Modifications:
    - target: {fileID: 100002, guid: 20595c2c8c8a7684f8afc3fa1bffb296, type: 3}
      propertyPath: m_Name
      value: Books
      objectReference: {fileID: 0}
    - target: {fileID: 100000, guid: 20595c2c8c8a7684f8afc3fa1bffb296, type: 3}
      propertyPath: m_IsActive
      value: 0
      objectReference: {fileID: 0}
    - target: {fileID: 100006, guid: 20595c2c8c8a7684f8afc3fa1bffb296, type: 3}
      propertyPath: m_IsActive
      value: 0
      objectReference: {fileID: 0}
    - target: {fileID: 100008, guid: 20595c2c8c8a7684f8afc3fa1bffb296, type: 3}
      propertyPath: m_IsActive
      value: 0
      objectReference: {fileID: 0}
    - target: {fileID: 100010, guid: 20595c2c8c8a7684f8afc3fa1bffb296, type: 3}
      propertyPath: m_IsActive
      value: 0
      objectReference: {fileID: 0}
    - target: {fileID: 100012, guid: 20595c2c8c8a7684f8afc3fa1bffb296, type: 3}
      propertyPath: m_IsActive
      value: 0
      objectReference: {fileID: 0}
    - target: {fileID: 400002, guid: 20595c2c8c8a7684f8afc3fa1bffb296, type: 3}
      propertyPath: m_LocalPosition.x
      value: 0.039000034
      objectReference: {fileID: 0}
    - target: {fileID: 400002, guid: 20595c2c8c8a7684f8afc3fa1bffb296, type: 3}
      propertyPath: m_LocalPosition.y
      value: 0.359
      objectReference: {fileID: 0}
    - target: {fileID: 400002, guid: 20595c2c8c8a7684f8afc3fa1bffb296, type: 3}
      propertyPath: m_LocalPosition.z
      value: 3.493
      objectReference: {fileID: 0}
    - target: {fileID: 400002, guid: 20595c2c8c8a7684f8afc3fa1bffb296, type: 3}
      propertyPath: m_LocalRotation.x
      value: -0
      objectReference: {fileID: 0}
    - target: {fileID: 400002, guid: 20595c2c8c8a7684f8afc3fa1bffb296, type: 3}
      propertyPath: m_LocalRotation.y
      value: -0
      objectReference: {fileID: 0}
    - target: {fileID: 400002, guid: 20595c2c8c8a7684f8afc3fa1bffb296, type: 3}
      propertyPath: m_LocalRotation.z
      value: -0
      objectReference: {fileID: 0}
    - target: {fileID: 400002, guid: 20595c2c8c8a7684f8afc3fa1bffb296, type: 3}
      propertyPath: m_LocalRotation.w
      value: 1
      objectReference: {fileID: 0}
    - target: {fileID: 400002, guid: 20595c2c8c8a7684f8afc3fa1bffb296, type: 3}
      propertyPath: m_RootOrder
      value: 14
      objectReference: {fileID: 0}
    - target: {fileID: 400002, guid: 20595c2c8c8a7684f8afc3fa1bffb296, type: 3}
      propertyPath: m_LocalEulerAnglesHint.x
      value: 0
      objectReference: {fileID: 0}
    - target: {fileID: 400002, guid: 20595c2c8c8a7684f8afc3fa1bffb296, type: 3}
      propertyPath: m_LocalEulerAnglesHint.y
      value: 0
      objectReference: {fileID: 0}
    - target: {fileID: 400002, guid: 20595c2c8c8a7684f8afc3fa1bffb296, type: 3}
      propertyPath: m_LocalEulerAnglesHint.z
      value: 0
      objectReference: {fileID: 0}
    - target: {fileID: 400004, guid: 20595c2c8c8a7684f8afc3fa1bffb296, type: 3}
      propertyPath: m_LocalPosition.x
      value: -0.503
      objectReference: {fileID: 0}
    - target: {fileID: 400004, guid: 20595c2c8c8a7684f8afc3fa1bffb296, type: 3}
      propertyPath: m_LocalPosition.y
      value: -0.002
      objectReference: {fileID: 0}
    - target: {fileID: 400004, guid: 20595c2c8c8a7684f8afc3fa1bffb296, type: 3}
      propertyPath: m_LocalPosition.z
      value: -0.312
      objectReference: {fileID: 0}
    - target: {fileID: 2300002, guid: 20595c2c8c8a7684f8afc3fa1bffb296, type: 3}
      propertyPath: m_Materials.Array.data[0]
      value: 
      objectReference: {fileID: 2100000, guid: 6543bc32345d0dd42aeca4e9eb86add1, type: 2}
    m_RemovedComponents: []
  m_SourcePrefab: {fileID: 100100000, guid: 20595c2c8c8a7684f8afc3fa1bffb296, type: 3}
--- !u!4 &188116250 stripped
Transform:
  m_CorrespondingSourceObject: {fileID: 400002, guid: 20595c2c8c8a7684f8afc3fa1bffb296,
    type: 3}
  m_PrefabInstance: {fileID: 187725720}
  m_PrefabAsset: {fileID: 0}
--- !u!1001 &264578422
PrefabInstance:
  m_ObjectHideFlags: 0
  serializedVersion: 2
  m_Modification:
    m_TransformParent: {fileID: 247546239100461133}
    m_Modifications:
    - target: {fileID: 100000, guid: c7a920f4e7b587b42b415deef150c1c2, type: 3}
      propertyPath: m_Name
      value: quadro cornice 01 (1)
      objectReference: {fileID: 0}
    - target: {fileID: 400000, guid: c7a920f4e7b587b42b415deef150c1c2, type: 3}
      propertyPath: m_LocalPosition.x
      value: 2.277
      objectReference: {fileID: 0}
    - target: {fileID: 400000, guid: c7a920f4e7b587b42b415deef150c1c2, type: 3}
      propertyPath: m_LocalPosition.y
      value: 1.038
      objectReference: {fileID: 0}
    - target: {fileID: 400000, guid: c7a920f4e7b587b42b415deef150c1c2, type: 3}
      propertyPath: m_LocalPosition.z
      value: 0.227
      objectReference: {fileID: 0}
    - target: {fileID: 400000, guid: c7a920f4e7b587b42b415deef150c1c2, type: 3}
      propertyPath: m_LocalRotation.x
      value: -0.50000006
      objectReference: {fileID: 0}
    - target: {fileID: 400000, guid: c7a920f4e7b587b42b415deef150c1c2, type: 3}
      propertyPath: m_LocalRotation.y
      value: -0.5
      objectReference: {fileID: 0}
    - target: {fileID: 400000, guid: c7a920f4e7b587b42b415deef150c1c2, type: 3}
      propertyPath: m_LocalRotation.z
      value: 0.50000006
      objectReference: {fileID: 0}
    - target: {fileID: 400000, guid: c7a920f4e7b587b42b415deef150c1c2, type: 3}
      propertyPath: m_LocalRotation.w
      value: 0.5
      objectReference: {fileID: 0}
    - target: {fileID: 400000, guid: c7a920f4e7b587b42b415deef150c1c2, type: 3}
      propertyPath: m_RootOrder
      value: 16
      objectReference: {fileID: 0}
    - target: {fileID: 400000, guid: c7a920f4e7b587b42b415deef150c1c2, type: 3}
      propertyPath: m_LocalEulerAnglesHint.x
      value: 0
      objectReference: {fileID: 0}
    - target: {fileID: 400000, guid: c7a920f4e7b587b42b415deef150c1c2, type: 3}
      propertyPath: m_LocalEulerAnglesHint.y
      value: -90.00001
      objectReference: {fileID: 0}
    - target: {fileID: 400000, guid: c7a920f4e7b587b42b415deef150c1c2, type: 3}
      propertyPath: m_LocalEulerAnglesHint.z
      value: 90.00001
      objectReference: {fileID: 0}
    - target: {fileID: 400000, guid: c7a920f4e7b587b42b415deef150c1c2, type: 3}
      propertyPath: m_LocalScale.x
      value: 1.3000004
      objectReference: {fileID: 0}
    - target: {fileID: 400000, guid: c7a920f4e7b587b42b415deef150c1c2, type: 3}
      propertyPath: m_LocalScale.y
      value: 1.3000004
      objectReference: {fileID: 0}
    - target: {fileID: 400000, guid: c7a920f4e7b587b42b415deef150c1c2, type: 3}
      propertyPath: m_LocalScale.z
      value: 1.3000004
      objectReference: {fileID: 0}
    m_RemovedComponents: []
  m_SourcePrefab: {fileID: 100100000, guid: c7a920f4e7b587b42b415deef150c1c2, type: 3}
--- !u!4 &264454134 stripped
Transform:
  m_CorrespondingSourceObject: {fileID: 400000, guid: c7a920f4e7b587b42b415deef150c1c2,
    type: 3}
  m_PrefabInstance: {fileID: 264578422}
  m_PrefabAsset: {fileID: 0}
--- !u!1001 &469568967
PrefabInstance:
  m_ObjectHideFlags: 0
  serializedVersion: 2
  m_Modification:
    m_TransformParent: {fileID: 247546239100461133}
    m_Modifications:
    - target: {fileID: 100000, guid: e20b45eeb4a61b64eb458d3bcd494e62, type: 3}
      propertyPath: m_Name
      value: Riggad
      objectReference: {fileID: 0}
    - target: {fileID: 400000, guid: e20b45eeb4a61b64eb458d3bcd494e62, type: 3}
      propertyPath: m_LocalPosition.x
      value: -1.5829996
      objectReference: {fileID: 0}
    - target: {fileID: 400000, guid: e20b45eeb4a61b64eb458d3bcd494e62, type: 3}
      propertyPath: m_LocalPosition.y
      value: 0.516
      objectReference: {fileID: 0}
    - target: {fileID: 400000, guid: e20b45eeb4a61b64eb458d3bcd494e62, type: 3}
      propertyPath: m_LocalPosition.z
      value: 2.937
      objectReference: {fileID: 0}
    - target: {fileID: 400000, guid: e20b45eeb4a61b64eb458d3bcd494e62, type: 3}
      propertyPath: m_LocalRotation.x
      value: -0.3579175
      objectReference: {fileID: 0}
    - target: {fileID: 400000, guid: e20b45eeb4a61b64eb458d3bcd494e62, type: 3}
      propertyPath: m_LocalRotation.y
      value: 0.6098321
      objectReference: {fileID: 0}
    - target: {fileID: 400000, guid: e20b45eeb4a61b64eb458d3bcd494e62, type: 3}
      propertyPath: m_LocalRotation.z
      value: 0.609832
      objectReference: {fileID: 0}
    - target: {fileID: 400000, guid: e20b45eeb4a61b64eb458d3bcd494e62, type: 3}
      propertyPath: m_LocalRotation.w
      value: 0.35791752
      objectReference: {fileID: 0}
    - target: {fileID: 400000, guid: e20b45eeb4a61b64eb458d3bcd494e62, type: 3}
      propertyPath: m_RootOrder
      value: 13
      objectReference: {fileID: 0}
    - target: {fileID: 400000, guid: e20b45eeb4a61b64eb458d3bcd494e62, type: 3}
      propertyPath: m_LocalEulerAnglesHint.x
      value: -90.00001
      objectReference: {fileID: 0}
    - target: {fileID: 400000, guid: e20b45eeb4a61b64eb458d3bcd494e62, type: 3}
      propertyPath: m_LocalEulerAnglesHint.y
      value: 0
      objectReference: {fileID: 0}
    - target: {fileID: 400000, guid: e20b45eeb4a61b64eb458d3bcd494e62, type: 3}
      propertyPath: m_LocalEulerAnglesHint.z
      value: 119.18201
      objectReference: {fileID: 0}
    - target: {fileID: 2300000, guid: e20b45eeb4a61b64eb458d3bcd494e62, type: 3}
      propertyPath: m_Materials.Array.data[0]
      value: 
      objectReference: {fileID: 2100000, guid: a6f2217e1132dfd40aa85ecccc256d2d, type: 2}
    m_RemovedComponents: []
  m_SourcePrefab: {fileID: 100100000, guid: e20b45eeb4a61b64eb458d3bcd494e62, type: 3}
--- !u!4 &469440327 stripped
Transform:
  m_CorrespondingSourceObject: {fileID: 400000, guid: e20b45eeb4a61b64eb458d3bcd494e62,
    type: 3}
  m_PrefabInstance: {fileID: 469568967}
  m_PrefabAsset: {fileID: 0}
--- !u!1001 &745676866
PrefabInstance:
  m_ObjectHideFlags: 0
  serializedVersion: 2
  m_Modification:
    m_TransformParent: {fileID: 247546239100461133}
    m_Modifications:
    - target: {fileID: 100000, guid: c7a920f4e7b587b42b415deef150c1c2, type: 3}
      propertyPath: m_Name
      value: quadro cornice 01
      objectReference: {fileID: 0}
    - target: {fileID: 400000, guid: c7a920f4e7b587b42b415deef150c1c2, type: 3}
      propertyPath: m_LocalPosition.x
      value: 2.013
      objectReference: {fileID: 0}
    - target: {fileID: 400000, guid: c7a920f4e7b587b42b415deef150c1c2, type: 3}
      propertyPath: m_LocalPosition.y
      value: 1.442
      objectReference: {fileID: 0}
    - target: {fileID: 400000, guid: c7a920f4e7b587b42b415deef150c1c2, type: 3}
      propertyPath: m_LocalPosition.z
      value: 0.227
      objectReference: {fileID: 0}
    - target: {fileID: 400000, guid: c7a920f4e7b587b42b415deef150c1c2, type: 3}
      propertyPath: m_LocalRotation.x
      value: -0.7071068
      objectReference: {fileID: 0}
    - target: {fileID: 400000, guid: c7a920f4e7b587b42b415deef150c1c2, type: 3}
      propertyPath: m_LocalRotation.y
      value: -0
      objectReference: {fileID: 0}
    - target: {fileID: 400000, guid: c7a920f4e7b587b42b415deef150c1c2, type: 3}
      propertyPath: m_LocalRotation.z
      value: -0
      objectReference: {fileID: 0}
    - target: {fileID: 400000, guid: c7a920f4e7b587b42b415deef150c1c2, type: 3}
      propertyPath: m_LocalRotation.w
      value: 0.7071068
      objectReference: {fileID: 0}
    - target: {fileID: 400000, guid: c7a920f4e7b587b42b415deef150c1c2, type: 3}
      propertyPath: m_RootOrder
      value: 15
      objectReference: {fileID: 0}
    - target: {fileID: 400000, guid: c7a920f4e7b587b42b415deef150c1c2, type: 3}
      propertyPath: m_LocalEulerAnglesHint.x
      value: 0
      objectReference: {fileID: 0}
    - target: {fileID: 400000, guid: c7a920f4e7b587b42b415deef150c1c2, type: 3}
      propertyPath: m_LocalEulerAnglesHint.y
      value: 0
      objectReference: {fileID: 0}
    - target: {fileID: 400000, guid: c7a920f4e7b587b42b415deef150c1c2, type: 3}
      propertyPath: m_LocalEulerAnglesHint.z
      value: 0
      objectReference: {fileID: 0}
    - target: {fileID: 400000, guid: c7a920f4e7b587b42b415deef150c1c2, type: 3}
      propertyPath: m_LocalScale.x
      value: 1.3
      objectReference: {fileID: 0}
    - target: {fileID: 400000, guid: c7a920f4e7b587b42b415deef150c1c2, type: 3}
      propertyPath: m_LocalScale.y
      value: 1.3000004
      objectReference: {fileID: 0}
    - target: {fileID: 400000, guid: c7a920f4e7b587b42b415deef150c1c2, type: 3}
      propertyPath: m_LocalScale.z
      value: 1.3000004
      objectReference: {fileID: 0}
    m_RemovedComponents: []
  m_SourcePrefab: {fileID: 100100000, guid: c7a920f4e7b587b42b415deef150c1c2, type: 3}
--- !u!4 &745814722 stripped
Transform:
  m_CorrespondingSourceObject: {fileID: 400000, guid: c7a920f4e7b587b42b415deef150c1c2,
    type: 3}
  m_PrefabInstance: {fileID: 745676866}
  m_PrefabAsset: {fileID: 0}
